<record xmlns="http://www.loc.gov/MARC21/slim" xmlns:xsi="http://www.w3.org/2001/XMLSchema-instance" xsi:schemaLocation="http://www.loc.gov/MARC21/slim http://www.loc.gov/standards/marcxml/schema/MARC21slim.xsd"><leader>     nam a22        4500</leader><controlfield tag="001">001676956</controlfield><controlfield tag="003">NNU</controlfield><controlfield tag="006">m        d        </controlfield><controlfield tag="007">cr cn |||m|||a</controlfield><controlfield tag="008">150313s1889    ua      o     000 0 ara d</controlfield><datafield ind1=" " ind2=" " tag="040"><subfield code="a">NNU</subfield><subfield code="b">eng</subfield><subfield code="c">NNU</subfield></datafield><datafield ind1="1" ind2=" " tag="100"><subfield code="a">Watar&#299;, A&#7717;mad ibn Mu&#7717;ammad,</subfield><subfield code="d">d. ca. 1572.</subfield></datafield><datafield ind1="1" ind2="0" tag="240"><subfield code="a">Raw&#7693;at al-n&#257;&#7827;ir&#299;n wa-khul&#257;&#7779;at man&#257;qib al-&#7779;&#257;li&#7717;&#299;n</subfield></datafield><datafield ind1="1" ind2="0" tag="245"><subfield code="a">H&#257;dh&#257; Kit&#257;b Raw&#7693;at al-n&#257;&#7827;ir&#299;n wa-khul&#257;&#7779;at man&#257;qib al-&#7779;&#257;li&#7717;&#299;n</subfield><subfield code="h">[electronic resource] /</subfield><subfield code="c">lil-Im&#257;m A&#7717;mad ibn Mu&#7717;ammad al-Watar&#299;.</subfield></datafield><datafield ind1=" " ind2=" " tag="250"><subfield code="a">al-&#7788;ab&#699;ah 1.</subfield></datafield><datafield ind1=" " ind2=" " tag="260"><subfield code="a">[Cairo] :</subfield><subfield code="b">al-Ma&#7789;ba&#699;ah al-Khayr&#299;yah,</subfield><subfield code="c">1306 [1889]</subfield></datafield><datafield ind1=" " ind2=" " tag="300"><subfield code="a">online resource (146 p.)</subfield></datafield><datafield ind1=" " ind2=" " tag="500"><subfield code="a">Caption title.</subfield></datafield><datafield ind1=" " ind2=" " tag="500"><subfield code="a">Part of the Arabic Collections Online (ACO) project, contributed by New York Univeristy Libraries.</subfield></datafield><datafield ind1=" " ind2=" " tag="533"><subfield code="a">Electronic reproduction.</subfield><subfield code="b">New York, N.Y. :</subfield><subfield code="c">New York University,</subfield><subfield code="d">2015.</subfield><subfield code="5">NNU</subfield></datafield><datafield ind1=" " ind2="0" tag="650"><subfield code="a">Sufism</subfield><subfield code="v">Biography.</subfield></datafield><datafield ind1="2" ind2=" " tag="710"><subfield code="a">New York University.</subfield><subfield code="b">Libraries.</subfield></datafield><datafield ind1="0" ind2=" " tag="730"><subfield code="a">Arabic Collections Online.</subfield></datafield><datafield ind1="0" ind2=" " tag="740"><subfield code="a">Raw&#7693;at al-n&#257;&#7827;ir&#299;n wa-khul&#257;&#7779;at man&#257;qib al-&#7779;&#257;li&#7717;&#299;n.</subfield></datafield><datafield ind1="0" ind2="8" tag="776"><subfield code="i">Print version:</subfield><subfield code="a">Watar&#299;, A&#7717;mad ibn Mu&#7717;ammad, d. ca. 1572.</subfield><subfield code="t">H&#257;dh&#257; Kit&#257;b Raw&#7693;at al-n&#257;&#7827;ir&#299;n wa-khul&#257;&#7779;at man&#257;qib al-&#7779;&#257;li&#7717;&#299;n</subfield><subfield code="w">(NNU)001676956</subfield></datafield><datafield ind1="4" ind2="0" tag="856"><subfield code="u">http://hdl.handle.net/2333.1/w3r22bf6</subfield></datafield><datafield ind1=" " ind2=" " tag="959"><subfield code="a">NNU</subfield><subfield code="b">WEB</subfield><subfield code="c">GENI</subfield><subfield code="t">0</subfield><subfield code="m">Electronic access</subfield><subfield code="s">01</subfield></datafield><datafield ind1=" " ind2=" " tag="999"><subfield code="i">NNU_001676956</subfield><subfield code="s">nyu_aco000623</subfield><subfield code="e">(ERROR-880)</subfield></datafield></record>